@pdf{kasp,
	title="Лаборатория Касперского",
	howpublished="Режим доступа: \url{https://www.kaspersky.ru/resource-center/definitions/what-is-facial-recognition}"
}

@pdf{wen,
	title="Вэньи Чж, Rama Chellap Imagebased Face Recognition",
	howpublished="Режим доступа: \url{http://www.face-rec.org/interesting-papers/general/chapter_figure.pdf }"
}

@article{distances,
    author   = {Вискотт Л., Феллоус Дж.М., Крюгер Н.},
    title    = {Intelligent Biometric Techniques in Fingerprint and Face Recognition},
    year     = {1999},
    pages    = {355-396},
    language = english
}

@pdf{gb,
	title="Учебное пособие по фильтрам Габора",
	howpublished="Режим доступа: \url{https://web.archive.org/web/20090419123314/http://mplab.ucsd.edu/tutorials/gabor.pdf}"
}

@pdf{chst,
	title="Robocraft",
	howpublished="Режим доступа: \url{https://robocraft.ru/computervision/427}"
}


