@pdf{kasp,
	title="Лаборатория Касперского",
	howpublished="Режим доступа: \url{https://www.kaspersky.ru/resource-center/definitions/what-is-facial-recognition}"
}

@article{all,
	author = {Левчук, С.А. and Якименко, А.А.},
	title = "Исследование характеристик алгоритмов распознавания лиц",
	journal = "Сборник научных трудов НГТУ",
	year = 2018,
	pages="47-49",
	volume = "3-4",
	number = "93",
}

@misc{wen,
	title = "Вэньи Чж, Рама Челлап, Распознавание лиц на основе изображений",
	howpublished = {[Электронный ресурс] Режим доступа: \url{http://www.face-rec.org/interesting-papers/general/chapter_figure.pdf}}
}

@misc{chst,
	title="Робокрафт. Обработка изображения — свёртка",
	howpublished={[Электронный ресурс] Режим доступа: \url{https://robocraft.ru/computervision/427}}
}

@misc{gb,
	title="Учебное пособие по фильтрам Габора",
	howpublished = {[Электронный ресурс] Режим доступа: \url{https://web.archive.org/web/20090419123314/http://mplab.ucsd.edu/tutorials/gabor.pdf}}
}

@article{distances,
    author = {Вискотт, Л. and Феллоус, Дж.М. and Крюгер, Н.},
    title    = {Интеллектуальные биометрические методы распознавания отпечатков пальцев и лиц},
    year     = {1999},
    pages    = {355-396},
    language = {english},
}

@pdf{novosibirsk,
	author = {Левчук, С.А. and Якименко, А.А.},
	title={Исследование характеристик алгоритмов распознавания лиц},
	language={russian},
    howpublished={Сборник научных трудов НГТУ},
	year=2018
}

@pdf{viola,
	author = {Джонс, М.Дж. and Виола, П.},
	title={Быстрое обнаружение объектов с использованием расширенного каскада простых функций},
	language={english},
    howpublished={Конференция IEEE. по компьютерному зрению и распознаванию образов},
	year=2001,
	pages={511-518}
}

@pdf{classifier,
	author = {Мерфи, К. П.},
	title={Машинное обучение: вероятностная перспектива},
	language={english},
    howpublished={Кембридж, Массачусетс. : MIT Press},
	year=2012
}

@pdf{weak,
	author={Бишоп, К. М.},
	title={Распознавание образов и машинное обучение},
	language={english},
    howpublished={Прыгун},
	year=2006
}

@pdf{tomsk,
	author = {Спицын, В.Г. and Буй Тхи Тху Чанг and Фан Нгок Хоанг},
	title={Распознавание лиц на основе применения метода Виолы-Джонса, Вейвлет-преобразования и метода главных компонент},
	language={russian},
    howpublished={Известия Томского политехнического университета. Инжиниринг георесурсов},
	year=2012
}

@pdf{astrahan,
	author = {Эрман, Е.А. and Мохаммед, Мамдух Мохаммед Гомаа},
	title={Метод обнаружения лиц на изображении с использованием комбинации метода Виолы Джонса и алгоритмов определения цвета кожи},
	language={russian},
    howpublished={Вестник Астраханского государственного технического университета. Серия: Управление, вычислительная техника и информатика},
	year=2015
}

@book{hyperploskostb,
	title = "Cборник задач и упражнений по высшей математике для студентов экономических специальностей : учеб.-метод. пособие : в 2 ч. Ч. 1",
	author = {Конюх, А. В. and Косьянчук, В. В. and Майоровская, С. В. and Поддубная, О. Н. and Шилкина, Е. И.},
	year = "2021",
	publisher = "Минск : БГЭУ, 2021",
	pages = "159"	
}

@misc{kernel,
	title = "Искусственный интеллект: Введение в метод опорных векторов (SVM) и его применение в реальных задачах", 
	howpublished = {[Электронный ресурс] Режим доступа: \url{nauchniestati.ru/spravka/metod-opornyh-vektorov-svm/?ysclid=lqjqjwkhik266674310}}
}

@misc{rbf,
	title = "Использование радиальных базисных функций в нейронных сетях: эффективный подход к обработке данных",
	howpublished = {[Электронный ресурс] Режим доступа: \url{nauchniestati.ru/spravka/radialnye-bazisnye-funkczii/?ysclid=lqjsghtklg734833904}}
}


@pdf{tula,
	author = {Новиков, А.С. and Фокин, А.Г. and Чубукина, Т.С.},
	title={Оптимизация распознавания объекта на изображении методом адаптивного движения сканирующего окна},
	language={russian},
    howpublished={Известия Тульского государственного университета. Технические науки},
	year=2015
}

@pdf{ieee,
     title={Распознавание лиц с использованием анализа основных компонентов},
    author = {Каур, Рамандип and Химанши},
     booktitle={Сувенир с Международной конференции IEEE по передовым вычислениям 2015 года, IACC 2015},
     pages={585--589},
     year={2015},
     doi={10.1109/IADCC.2015.7154774}
}

@article{orlov,
  title={Методы снижения размерности пространства статистических данных},
  author = {Орлов, А. И. and Луценко, Е. В.},
  journal={Научный журнал КубГАУ},
  number={119},
  year={2016}
}

@article{polyak,
  title={Метод главных компонент: робастные версии},
  author = {Поляк, Б. Т. and Хлебников, М. В.},
  journal={Автомат. и телемех.},
  number={3},
  pages={130--148},
  year={2017}
}

@misc{zakaria,
  author = {Закария, Д.},
  title={Пошаговое объяснение анализа основных компонентов (PCA)},
  howpublished = {[Электронный ресурс] Режим доступа: \url{https://builtin.com/data-science/step-step-explanation-principal-component-analysis}}
}

@book{linal,
  title={Линейная алгебра: Учеб. для вузов},
  author = {Канатников, А. Н. and Крищенко, А. П.},
  year={2002},
  publisher={Изд-во МГТУ им. Н.Э. Баумана},
  series={Математика в техническом университете; Вып. IV},
  address={Москва},
  pages={336}
}


@pdf{brilyuk,
  title={Распознавание человека по изображению лица и нейросетевые методы},
  author = {Брилюк, Д. and Старовойтов, В.},
  year={2001},
  publisher={Институт Технической Кибернетики Национальной Академии Наук Беларуси},
  address={Минск}
}

@article{parshin,
  title={Исследование параметров алгоритмов распознавания лиц},
  author = {Паршин, С. Е.},
  journal={Сборник научных трудов НГТУ},
  number={1 (94)},
  pages={55--70},
  year={2019}
}

@book{teorver,
  title={Глава 2, §6. Случайные величины II},
  author={Ширяев, А. Н.},
  year={2004},
  volume={1},
  publisher={МЦНМО},
  address={Кембридж, Нью-Йорк},
  pages={301},
  note={Т. 1. 520 с.}
}
